
@book{rencher_linear_2008,
	address = {Hoboken, N.J},
	edition = {2nd ed},
	title = {Linear models in statistics},
	isbn = {978-0-471-75498-5},
	language = {en},
	publisher = {Wiley-Interscience},
	author = {Rencher, Alvin C. and Schaalje, G. Bruce},
	year = {2008},
	note = {OCLC: ocn144331522},
	keywords = {Linear models (Statistics)},
	file = {Rencher y Schaalje - 2008 - Linear models in statistics.pdf:C\:\\Users\\Hp\\Zotero\\storage\\SN9K3BGK\\Rencher y Schaalje - 2008 - Linear models in statistics.pdf:application/pdf}
}

@book{rencher_methods_2002,
	address = {New York},
	edition = {2nd ed},
	series = {Wiley series in probability and mathematical statistics},
	title = {Methods of multivariate analysis},
	isbn = {978-0-471-41889-4},
	language = {en},
	publisher = {J. Wiley},
	author = {Rencher, Alvin C.},
	year = {2002},
	keywords = {Multivariate analysis},
	file = {Rencher - 2002 - Methods of multivariate analysis.pdf:C\:\\Users\\Hp\\Zotero\\storage\\CAZT8XU2\\Rencher - 2002 - Methods of multivariate analysis.pdf:application/pdf}
}