
@book{timaran_pereira_descubrimiento_2016,
	title = {Descubrimiento de patrones de desempeño académico con árboles de decisión en las competencias genéricas de la formación profesional},
	isbn = {978-958-760-049-0},
	url = {http://ediciones.ucc.edu.co/index.php/ucc/catalog/book/36},
	abstract = {The stages of the kdd process are described herein, emphasizing the data mining stage and more commonly used techniques, such as classification, association, grouping and sequential patterning. Additionally, one of the most used reference methodologies in the implementation of data mining projects in academic and industrial fields, such as crisp-dm, is detailed. It consists of six phases: problem analysis, data analysis, data preparation, modeling, assessment and exploitation.},
	language = {es},
	urldate = {2020-08-31},
	publisher = {Universidad Cooperativa de Colombia},
	author = {Timarán Pereira, Silvio Ricardo and Hernández Arteaga, Isabel and Caicedo Zambrano, Segundo Javier and Hidalgo Troya, Arsenio and Alvarado Pérez, Juan Carlos},
	month = apr,
	year = {2016},
	doi = {10.16925/9789587600490},
	file = {Timarán Pereira et al. - 2016 - Descubrimiento de patrones de desempeño académico .pdf:C\:\\Users\\Hp\\Zotero\\storage\\3U69J6ML\\Timarán Pereira et al. - 2016 - Descubrimiento de patrones de desempeño académico .pdf:application/pdf}
}

@article{fayyad_data_nodate,
	title = {From {Data} {Mining} to {Knowledge} {Discovery} in {Databases}},
	language = {en},
	author = {Fayyad, Usama},
	pages = {18},
	file = {Fayyad - From Data Mining to Knowledge Discovery in Databas.pdf:C\:\\Users\\Hp\\Zotero\\storage\\EKUJN9BE\\Fayyad - From Data Mining to Knowledge Discovery in Databas.pdf:application/pdf}
}

@article{engel_data_nodate,
	title = {Data {Wrangling} with {R}},
	language = {en},
	author = {Engel, Claudia A},
	pages = {50},
	file = {Engel - Data Wrangling with R.pdf:C\:\\Users\\Hp\\Zotero\\storage\\34DRV6NW\\Engel - Data Wrangling with R.pdf:application/pdf}
}

@book{james_introduction_2013,
	address = {New York, NY},
	series = {Springer {Texts} in {Statistics}},
	title = {An {Introduction} to {Statistical} {Learning}},
	volume = {103},
	isbn = {978-1-4614-7137-0 978-1-4614-7138-7},
	url = {http://link.springer.com/10.1007/978-1-4614-7138-7},
	language = {en},
	urldate = {2020-08-31},
	publisher = {Springer New York},
	author = {James, Gareth and Witten, Daniela and Hastie, Trevor and Tibshirani, Robert},
	year = {2013},
	doi = {10.1007/978-1-4614-7138-7},
	file = {James et al. - 2013 - An Introduction to Statistical Learning.pdf:C\:\\Users\\Hp\\Zotero\\storage\\UF6KU5H5\\James et al. - 2013 - An Introduction to Statistical Learning.pdf:application/pdf}
}

@article{hand_statistics_1999,
	title = {Statistics and data mining: intersecting disciplines},
	volume = {1},
	issn = {19310145},
	shorttitle = {Statistics and data mining},
	url = {http://portal.acm.org/citation.cfm?doid=846170.846171},
	doi = {10.1145/846170.846171},
	language = {en},
	number = {1},
	urldate = {2020-09-01},
	journal = {ACM SIGKDD Explorations Newsletter},
	author = {Hand, David J.},
	month = jun,
	year = {1999},
	pages = {16--19},
	file = {Hand - 1999 - Statistics and data mining intersecting disciplin.pdf:C\:\\Users\\Hp\\Zotero\\storage\\TVT32ML4\\Hand - 1999 - Statistics and data mining intersecting disciplin.pdf:application/pdf}
}

@misc{ramos_aprendizaje_2019,
	title = {Aprendizaje {Supervisado} automatico},
	author = {Ramos, David},
	year = {2019}
}

@misc{roman_introduccion_2019,
	title = {Introducción al {Machine} {Learning}: {Una} {Guía} {Desde} {Cero}},
	journal = {Ciencia\&Datos},
	author = {Roman, Victor},
	year = {2019}
}

@misc{rabasa_big_2016,
	title = {Big data y la minería de datos},
	author = {Rabasa, Álex},
	year = {2016}
}

@book{han_data_2012,
	edition = {Third},
	title = {Data {Mining} {Concepts} and {Techniques}},
	publisher = {Horgan Kaupmann},
	author = {Han, Jiawei and Kamber, Micheline},
	year = {2012}
}

@article{bbc_news_mundo_coronavirus_2020,
	title = {Coronavirus en {China}: cómo funciona el sofisticado y polémico sistema de vigilancia para controlar la pandemia},
	author = {BBC News Mundo},
	year = {2020}
}

@article{perez_asi_2018,
	title = {Así está apostando {Amazon} por el machine learning para lograr vendernos antes sus productos},
	journal = {sataka},
	author = {Pérez, Enrique},
	year = {2018}
}

@article{carvajal_como_2020,
	title = {¿{Cómo} usan la {IA} las plataformas de streaming?},
	journal = {Thing Big},
	author = {Carvajal, Elena},
	year = {2020}
}

@phdthesis{peman_marketing_2019,
	address = {España},
	title = {Marketing {Relacional} en las plataformas de streaming},
	school = {Universidad de Zaragoza},
	author = {Pemán, Marcos},
	year = {2019}
}

@phdthesis{redon_comportamiento_2018,
	address = {Madrid},
	type = {Trabajo de fin de grado},
	title = {Comportamiento de los consumidores de plataformas de vídeo en streaming},
	school = {Universidad complutense},
	author = {Redon, Carlos},
	year = {2018}
}

@phdthesis{lopez_estudio_2018,
	address = {Madrid},
	type = {Grado en {Administración} y dirección de empresas},
	title = {Estudio de las plataformas streaming},
	school = {Universidad de Sevilla},
	author = {López, D.David},
	year = {2018}
}

@misc{ramos_deteccion_2020,
	title = {Detección y tratamiento de datos faltantes: missing data},
	author = {Ramos, David},
	year = {2020}
}
